%% This BibTeX bibliography file was created using BibDesk.
%% http://bibdesk.sourceforge.net/


%% Created for Klein, Rupert at 2018-11-06 08:07:18 +0000 


%% Saved with string encoding Unicode (UTF-8) 

@article{AlmgrenEtAl1998,
    Author = {A. S. Almgren and J. B. Bell and P. Colella and L. H. Howell and M. L. Welcome},
    Title = {A conservative adaptive projection method for the variable density incompressible {N}avier-{S}tokes equations},
    Journal = {J.\ Comput.\ Phys.},
    Volume = {146},
    Pages = {1--46},
    Year = {1998}}


@article{AlmgrenEtAl1998,
    Author = {A. S. Almgren and J. B. Bell and P. Colella and L. H. Howell and M. L. Welcome},
    Journal = {J.\ Comput.\ Phys.},
    Pages = {1--46},
    Title = {A conservative adaptive projection method for the variable density incompressible Navier-Stokes equations},
    Volume = {146},
    Year = {1998}}

@article{AlmgrenEtAl2006,
    Author = {A. S. Almgren and J. B. Bell and C. A. Rendleman and M. Zingale},
    Title = {Low {M}ach number modeling of type {I}a supernovae. {I}. hydrodynamics},
    Journal = {Astrophys. J.},
    Volume = {637},
    Pages = {922--936},
    Year = {2006}}

@article{ArakawaKonor2009,
    Author={Arakawa, A. and Konor, C. S},
    Title={Unification of the anelastic and quasi-hydrostatic systems of equations},
    Journal={Mon. Wea. Rev.},
    Volume={137},
    Number={2},
    Pages={710--726},
    Year={2009}}

@article{BaldaufBrdar2013,
    Author={Baldauf, M. and Brdar, S.},
    Title={An analytic solution for linear gravity waves in a channel as a test for numerical models using the non-hydrostatic, compressible {E}uler equations},
    Journal={Q. J. Roy. Meteor. Soc.},
    Volume={139},
    Number={677},
    Pages={1977--1989},
    Year={2013}}

@article{BaldaufEtAl2011,
    Author = {Baldauf, M. and Seifert, A. and F\"orstner, J. and Majewski, D. and
    Raschendorfer, M. and Reinhardt, T.},
    Title = {Operational Convective-Scale Numerical Weather Prediction with the
    {C}{O}{S}{M}{O} Model: Description and Sensitivities},
    Journal = {Mon. Wea. Rev.},
    Volume = {139},
    Pages = {3887--3905},
    Year = {2011}}

@article{Bannon1996,
    Author = {P. R. Bannon},
    Journal = {J.\ Atmosph.\ Sci.},
    Pages = {3618--3628},
    Title = {On the anelastic approximation for a compressible atmosphere},
    Journal = {J.\ Atmos.\ Sci.},
    Volume = {53},
    Pages = {3618--3628},
    Year = {1996}}

@article{BellEtAl1989,
    Author = {J. B. Bell and P. Colella and H. Glaz},
    Title = {A second order projection method for the incompressible {N}avier {S}tokes equations},
    Journal = {J. Comput. Fluids},
    Volume = {85},
    Pages = {257--283},
    Title = {A second order projection method for the incompressible {N}avier {S}tokes equations},
    Volume = {85},
    Year = {1989}}

@phdthesis{Benacchio2014,
    Author = {Benacchio, T.},
    Title = {A blended semi-implicit numerical model for weakly compressible atmospheric dynamics},
    School = {Freie Universit\"at Berlin},
    Pages = {XII+92},
    Year = {2014},
    Note = {[Available at: \texttt{http://edocs.fu-berlin.de/diss/receive/FUDISS\_thesis\_000000097149}]}}

@article{BenacchioWood2016,
    Author={Benacchio, T. and Wood, N.},
    Title={Semi-implicit semi-{L}agrangian modelling of the atmosphere: a {M}et {O}ffice perspective},
    Journal={Communications in Applied and Industrial Mathematics},
    Volume={7},
    Number={3},
    Pages={4--25},
    Year={2016}}

@article{BenacchioEtAl2014,
    Author = {T. Benacchio and W. O'Neill and R. Klein},
    Title = {A blended soundproof-to-compressible model for atmospheric dynamics},
    Journal = {Mon. Wea. Rev.},
    Volume = {142},
    Pages = {4416--4438},
    Year = {2014}}

@article{BryanFritsch2002,
    Author = {Bryan, G.~H. and Fritsch, J.~M.},
    Journal = {Mon. Wea. Rev.},
    Pages = {2917--2928},
    Title = {A benchmark simulation for moist nonhydrostatic numerical models},
    Journal = {Mon. Wea. Rev.},
    Volume = {130},
    Pages = {2917--2928},
    Year = {2002}}

@article{Cullen2007,
    Author = {Cullen, M.~J.~P.},
    Journal = {Acta Numer.},
    Pages = {67--154},
    Title = {Modelling atmospheric flows},
    Journal = {Acta Numer.},
    Volume = {16},
    Pages = {67--154},
    Year = {2007}}

@article{CullenMaroofi2003,
    Author = {M. Cullen and H. Maroofi},
    Journal = {Arch. Rat. Mech. Anal.},
    Pages = {309--336},
    Title = {The Fully Compressible Semi-Geostrophic System from Meteorology},
    Journal = {Arch. Rat. Mech. Anal.},
    Volume = {167},
    Pages = {309--336},
    Year = {2003}}
    
@article{DaviesEtAl2003,
  Author={Davies, T. and Staniforth, A. and Wood, N. and Thuburn, J.},
  Title={Validity of anelastic and other equation sets as inferred from normal-mode analysis},
  Journal={Q. J. Roy. Meteor. Soc.},
  Volume={129},
  Pages={2761--2775},
  Year={2003}}

@article{DormandPrince1980,
    Author = {J. R. Dormand and P. J. Prince},
    Title = {A family of embedded {R}unge-{K}utta formulae},
    Journal = {J. Comput. and Appl. Math.},
    Volume = {6},
    Number = {1},
    Pages = {19--26},
    Title = {A family of embedded {R}unge-{K}utta formulae},
    Volume = {6},
    Year = {1980}}

@article{Dukowicz2013,
  Author={Dukowicz, J. K.},
  Title={Evaluation of various approximations in atmosphere and ocean modeling based on an exact treatment of gravity wave dispersion},
  Journal={Mon. Wea. Rev.},
  Volume={141},
  Pages={4487--4506},
  Year={2013}}
    
@article{DumbserEtAl2018,
    Author={Dumbser, M. and Balsara, D.S. and Tavelli, M. and Fambri, F.},
    Title={A divergence-free semi-implicit finite volume scheme for ideal, viscous, and resistive magnetohydrodynamics},
    Journal={Int. J. Numer. Meth. Fluids},
    Volume={in press},
    Year={2018}}

@article{Durran1989,
    Author = {D. R. Durran},
    Journal = {J. Atmos. Sci.},
    Pages = {1453--1461},
    Title = {Improving the anelastic approximation},
    Journal = {J. Atmos. Sci.},
    Volume = {46},
    Pages = {1453--1461},
    Year = {1989}}
    
@article{GiraldoRestelli2008,
    Author = {Giraldo, F. X. and Restelli, M.},
    Title = {A study of spectral element and discontinuous {G}alerkin methods for the {N}avier--{S}tokes equations in nonhydrostatic mesoscale atmospheric modeling: {E}quation sets and test cases},
    Journal = {J. Comput. Phys.},
    Volume = {227},
    Number = {8},
    Pages = {3849--3877},
    Year = {2008}}    

@article{GiraldoRestelli2008,
    Author = {Giraldo, F. X. and Restelli, M.},
    Journal = {J. Comput. Phys.},
    Number = {8},
    Pages = {3849--3877},
    Title = {A study of spectral element and discontinuous {G}alerkin methods for the {N}avier--{S}tokes equations in nonhydrostatic mesoscale atmospheric modeling: {E}quation sets and test cases},
    Volume = {227},
    Year = {2008}}

@book{HairerEtAl2006,
     Author = {E. Hairer and Ch. Lubich and G. Wanner},
     Title = {Geometric Numerical Integration},
     Series = {Springer Series in Computational Mathematics},
     Edition = {2},
     Publisher = {Springer},
     Volume = {31},
     Year = {2006}}

@article{HarlowWelch1965,
    Author = {F. H. Harlow and J. E. Welch},
    Title = {Numerical calculation of time dependent viscous incompressible flow},
    Journal = {Phys. Fluids},
    Volume = 8,
    Pages = {2182--2189},
    Title = {Numerical calculation of time dependent viscous incompressible flow},
    Volume = 8,
    Year = 1965}

     
@article{Hortal2002,
    Author={Hortal, M.},
    Title={The development and testing of a new two-time-level semi-{L}agrangian scheme ({SETTLS}) in the {ECMWF} forecast model},
    Journal={Q. J. Roy. Meteor. Soc.},
    Volume={128},
    Number={583},
    Pages={1671--1687},
    Year={2002}}

@article{HoskinsBretherton1972,
    Author = {B. J. Hoskins and F. P. Bretherton},
    Journal = {Journal of Atmosphere Sciences},
    Pages = {11--37},
    Title = {Atmospheric frontogenesis models: mathematical formulation and solution},
    Journal = {J. Atmos. Sci.},
    Volume = {29},
    Pages = {11--37},
    Year = {1972}}

@article{JaehnEtAl2015,
    Author={J{\"a}hn, M. and Knoth, O. and K{\"o}nig, M. and Vogelsberg, U.},
    Title={{A}{S}{A}{M} v2. 7: a compressible atmospheric model with a {C}artesian cut cell approach},
    Journal={Geosci. Model Dev.},
    Volume={8},
    Number={2},
    Pages={317--340},
    Year={2015}}

@article{Jin2012,
    Author = {S. Jin},
    Title = {Asymptotic preserving ({AP}) schemes for multiscale kinetic and hyperbolic equations: a review},
    Journal = {Riv. Mat. Univ. Parma},
    Pages = {177--216},
    Volume = {3 },
    Year = {2012}}

@article{KadiogluEtAl2008,
    Author={Kadioglu, S. Y. and Klein, R. and Minion, M. L.},
    Title={A fourth-order auxiliary variable projection method for zero-{M}ach number gas dynamics},
    Journal={J. Comput. Phys.},
    Volume={227},
    Number={3},
    Pages={2012--2043},
    Year={2008}}

@article{KleinEtAl2001,
    Author = {R. Klein and N. Botta and L. Hofmann and A. Meister and C.D. Munz and S. Roller and T. Sonar},
    Journal = {J. Engrg. Math.},
    Pages = {261--343},
    Title = {Asymptotic Adaptive Methods for Multiscale Problems in Fluid Mechanics},
    Journal = {J. Engrg. Math.},
    Volume = {39},
    Pages = {261--343},
    Year = {2001}}

@article{KleinTCFD2009,
    Author = {R. Klein},
    Title = {Asymptotics, structure, and integration of sound-proof atmospheric flow equations},
    Journal = {Theor. Comp. Fluid. Dyn.},
    Volume = {23},
    Pages = {161--195},
    Title = {Asymptotics, structure, and integration of sound-proof atmospheric flow equations},
    Volume = {23},
    Year = {2009}}

@article{KleinBenacchio2016,
    Author = {R. Klein and T. Benacchio},
    Title = {A Doubly Blended Model for Multiscale Atmospheric Dynamics},
    Journal = {J. Atmos. Sci.},
    Volume = {73},
    Pages = {1179--1186},
    Year = {2016}}

@article{Klein2010,
    Author = {R. Klein},
    Journal = {Ann. Rev. Fluid Mech.},
    Pages = {249--274},
    Title = {Scale-Dependent Asymptotic Models for Atmospheric Flows},
    Journal = {Ann. Rev. Fluid Mech.},
    Volume = {42},
    Pages = {249--274},
    Year = {2010}}

@article{KleinEtAl2010,
    Author = {R. Klein and U. Achatz and D. Bresch and O. M. Knio and P. K. Smolarkiewicz},
    Title = {Regime of validity of sound-proof atmospheric flow models},
    Journal = {J. Atmos. Sci.},
    Volume = {67},
    Pages = {3226--3237},
    Title = {Regime of validity of sound-proof atmospheric flow models},
    Volume = {67},
    Year = {2010}}

@inproceedings{KleinEtAl2014,
    Author={Klein, R. and Benacchio, T. and O’Neill, W.P.},
    Title={Using the sound-proof limit for balanced data initialization},
    Booktitle={Seminar on Recent Developments in Numerical Methods for Atmosphere and Ocean Modelling},
    Pages={227--236},
    Year={2014}}

@article{KuehnleinEtAl2019,
    Author = {K\"uhnlein, C. and Deconinck, W. and Klein, R. and Malardel, S. and Piotrowski, Z. P. and Smolarkiewicz, P. K. and Szmelter, J. and Wedi, N. P.},
    Title = {{FVM} 1.0: {A} nonhydrostatic finite-volume dynamical core
    formulation for {IFS}},
    Journal = {Geosci. Model Dev.},
    Pages = {651--676},
    Title = {{FVM} 1.0: {A} nonhydrostatic finite-volume dynamical core formulation for {IFS}},
    Volume = {12},
    Pages = {651--676},
    Year = {2019},
    Doi = {10.5194/gmd-12-651-2019}}

@article{LippsHemler1982,
    Author = {F. Lipps and R. Hemler},
    Journal = {J. Atmos. Sci.},
    Pages = {2192-2210},
    Title = {A scale analysis of deep moist convection and some related numerical calculations},
    Journal = {J. Atmos. Sci.},
    Volume = {39},
    Pages = {2192-2210},
    Year = {1982}}

@article{MarrasEtAl2016,
    Author={Marras, S. and Kelly, J. F. and Moragues, M. and M{\"u}ller, A. and Kopera, M. A. and V{\'a}zquez, M. and Giraldo, F. X. and Houzeaux, G. and Jorba, O.},
    Title={A Review of Element-Based {G}alerkin Methods for Numerical Weather Prediction: Finite Elements, Spectral Elements, and Discontinuous {G}alerkin},
    Journal={Arch. Comput. Methods E.},
    Volume={23},
    Number={4},
    Pages={673--722},
    Year={2016},
    Doi={10.1007/s11831-015-9152-1}}

@article{MelvinEtAl2018,
    Author = {Melvin, T. and Benacchio, T. and Shipway, B. and Wood, N. and Thuburn, J. and Cotter, {C}. J.},
    Title = {A mixed finite-element, finite-volume, semi-implicit discretisation for atmospheric dynamics: Cartesian geometry},
    Journal = {Q. J. Roy. Meteor. Soc.},
    Year = {2018},
    Volume = {in press, doi: https://doi.org/10.1002/qj.3501},
    Pages = {}}

@article{MengaldoEtAl2018,
    Author={Mengaldo, G. and Wyszogrodzki, A. and Diamantakis, M. and Lock, S.-J. and Giraldo, F. X. and Wedi, N. P.},
    Title={Current and emerging time-integration strategies in global numerical weather and climate prediction},
    Journal={Arch. Comput. Methods E.},
    Pages={1--22},
    Year={2018}
}

@book{Pedlosky1992,
    Editor = {J. Pedlosky},
    Title = {Geophysical Fluid Dynamics},
    Publisher = {Springer},
    Address = {Berlin, Heidelberg, New York},
    Edition = {2},
    Editor = {J. Pedlosky},
    Pages = {710},
    Publisher = {Springer},
    Title = {Geophysical Fluid Dynamics},
    Year = {1992}}

@article{PrusaEtAl2008,
    Author = {J. M. Prusa and P. K. Smolarkiewicz and A. A. Wyszogrodzki},
    Title = {{EULAG}, a computational model for multiscale flows},
    Journal = {Comput. \& Fluids},
    Volume = {37},
    Pages = {1193--1207},
    Year = {2008}}

@article{RestelliGiraldo2009,
    Author={Restelli, M. and Giraldo, F. X.},
    Title={A conservative discontinuous {G}alerkin semi-implicit formulation for the {N}avier--{S}tokes equations in nonhydrostatic mesoscale modeling},
    Journal={SIAM J. Sci. Comput.},
    Volume={31},
    Number={3},
    Pages={2231--2257},
    Year={2009}}
    
@article{SchneiderEtAl1999,
    Author = {T. Schneider and N. Botta and K.-J. Geratz and R. Klein},
    Title = {Extension of finite volume compressible flow solvers to multi-dimensional, variable density zero {M}ach number flow},
    Journal = {J. Comput. Phys.},
    Volume = {155},
    Pages = {248--286},
    Year = {1999}}

@article{SchneiderEtAl1999,
    Author = {T. Schneider and N. Botta and K.-J. Geratz and R. Klein},
    Date-Modified = {2019-03-15 11:53:31 -0400},
    Journal = {J. Comput. Phys.},
    Pages = {248--286},
    Title = {Extension of finite volume compressible flow solvers to multi-dimensional, variable density zero {M}ach number flow},
    Volume = {155},
    Year = {1999}}

@article{SkamarockKlemp1994,
    Author={Skamarock, W. C. and Klemp, J. B.},
    Title={Efficiency and accuracy of the {K}lemp-{W}ilhelmson time-splitting technique},
    Journal={Mon. Wea. Rev.},
    Volume={122},
    Number={11},
    Pages={2623--2630},
    Year={1994}}

@article{SmolarkiewiczDoernbrack2007,
    Author = {P. K. Smolarkiewicz and A. D\"ornbrack},
    Journal = {Int. J. Numer. Meth. Fluids},
    Pages = {1513-1519},
    Title = {Conservative integrals of adiabatic {D}urran's equations},
    Journal = {Int. J. Numer. Meth. Fluids},
    Volume = {56},
    Pages = {1513-1519},
    Year = {2007}}

@article{SmolarkiewiczMPDATA2006,
    Author = {P. K. Smolarkiewicz},
    Journal = {Int. J. Numer. Meth. Fl.},
    Pages = {1123--1144},
    Title = {Multidimensional positive definite advection transport algorithm: an overview},
    Journal = {Int. J. Numer. Meth. Fluids},
    Volume = {50},
    Pages = {1123--1144},
    Year = {2006}}
    
@article{SmolarkiewiczMargolin1993,
    Author={P. K. Smolarkiewicz and L. O. Margolin},
    Title={On forward-in-time differencing for fluids: Extension to a curvilinear framework},
    Journal={Mon. Wea. Rev.},
    Volume={121},
    Pages={1847--1859},
    Year={1993}}

@article{SmolarkiewiczMargolin1997,
    Author = {P. K. Smolarkiewicz and L. G. Margolin},
    Title = {On forward-in-time differencing for fluids: an {E}ulerian/semi-{L}agrangian non-hydrostatic model for stratified flows},
    Journal = {Atmosphere-Ocean},
    Volume = {35},
    Pages = {127-152},
    Year = {1997}}

@article{SmolarkiewiczMargolin1997,
    Author = {P. K. Smolarkiewicz and L. G. Margolin},
    Journal = {Atmosphere-Ocean Special},
    Pages = {127-157},
    Title = {On forward-in-time differencing for fluids: An {E}ulerian/semi-{L}agrangian non-hydrostatic model for stratified flows},
    Volume = {35},
    Year = {1997}}

@article{SmolarkiewiczMargolin1998,
    Author = {P. K. Smolarkiewicz and L. G. Margolin},
    Title = {{MPDATA}: {A} finite-difference solver for geophysical flows},
    Journal = {J. Comput. Phys.},
    Volume = {140},
    Pages = {459-480},
    Title = {{MPDATA}: {A} finite-difference solver for geophysical flows},
    Volume = {140},
    Year = {1998}}

@article{SmolarkiewiczEtAl2014,
    Author = {P.K. Smolarkiewicz and C. K{\"u}hnlein and N.P. Wedi},
    Title = {A consistent framework for discrete integrations of soundproof and compressible {P}{D}{E}s of atmospheric dynamics},
    Journal = {J. Comput. Phys.},
    Volume = {263},
    Pages = {185--205},
    Year = {2014}}

@article{SmolarkiewiczEtAl2016,
    Author={Smolarkiewicz, P. K. and Deconinck, W. and Hamrud, M. and K{\"u}hnlein, C. and Mozdzynski, G. and Szmelter, J. and Wedi, N. P.},
    Title={A finite-volume module for simulating global all-scale atmospheric flows},
    Journal={J. Comput. Phys.},
    Volume={314},
    Pages={287--304},
    Year={2016}}

@article{SmolarkiewiczEtAl2019,
        title={Semi-implicit integrations of perturbation equations for all-scale atmospheric dynamics},
        author={Smolarkiewicz, P. K. and K{\"u}hnlein, C. and Wedi, N. P.},
    journal={J. Comput. Phys.},
    volume={376},
    pages={145--159},
    year={2019}}

@article{StrakaEtAl1993,
    Author={Straka, J. M. and Wilhelmson, R. B. and Wicker, L. J. and Anderson, J. R. and Droegemeier, K. K.},
    Title={Numerical solutions of a non-linear density current: A benchmark solution and comparisons},
    Journal={Int. J. Numer. Meth. Fluids},
    Volume={17},
    Number={1},
    Pages={1--22},
    Year={1993}}

@article{Strang1968,
    Author = {G. Strang},
    Journal = {SIAM J.\ Num.\ Anal.},
    Pages = {506--517},
    Title = {On the Construction and Comparison of Difference Schemes},
    Journal = {SIAM J.\ Num.\ Anal.},
    Volume = {5},
    Pages = {506--517},
    Year = {1968}}
    
@article{Sueli1991,
    Author = {E. S{\"u}li},
    Title = {Convergence of finite volume schemes for {P}oisson's equation on nonuniform meshes},
    Journal = {SIAM J. Numer. Anal.},
    Volume = {28},
    Number = {5},
    Pages = {1419--1430},
    Year = {1991}}

@article{Sweby1984,
    Author = {P. K. Sweby},
    Title = {High Resolution Schemes Using Flux Limiters for Hyperbolic Conservation Laws},
    Volume = {21},
    Journal = {SIAM J. Numer. Anal.},
    Pages = {995--1011},
    Year = 1984}

@article{Vandervorst1992,
    Author={Van der {V}orst, H. A.},
    Title={Bi-{CGSTAB}: A fast and smoothly converging variant of {B}i-{CG} for the solution of nonsymmetric linear systems},
    Journal={{SIAM} J. Sci. Stat. Comp.},
    Volume={13},
    Pages={631--644},
    Year={1992},
}
    
@inproceedings{vanLeer2006,
  Author={Van Leer, B.},
  Title={Upwind and high-resolution methods for compressible flow: {F}rom donor cell to residual-distribution schemes},
  Booktitle={16th AIAA Computational Fluid Dynamics Conference},
  Pages={3559},
  Year={2006}
}
@article{VaterKlein2009,
    Author = {S. Vater and R. Klein},
    Journal = {Num. Math.},
    Pages = {123---161},
    Title = {Stability of a Projection Method for the Zero {F}roude Number Shallow Water Equations},
    Journal = {Num. Math.},
    Volume = {113},
    Pages = {123---161},
    Year = {2009}}

@phdthesis{Vater2013,
      Author = {Vater, S.},
      Title = {A multigrid-based multiscale numerical scheme for shallow water flows at low Froude number},
      School = {Freie Universit\"at Berlin},
      Year = {2013},
      Note = {[Available at: \texttt{http://edocs.fu-berlin.de/diss/receive/FUDISS\_thesis\_000000093897}]}}

@article{WellerShahrokhi2014,
    Author={Weller, H. and Shahrokhi, A.},
    Title={Curl-free pressure gradients over orography in a solution of the fully compressible {E}uler equations with implicit treatment of acoustic and gravity waves},
    Journal={Mon. Wea. Rev.},
    Volume={142},
    Number={12},
    Pages={4439--4457},
    Year={2014}}

@article{WoodEtAl2013,
    Author={Wood, N. and Staniforth, A. and White, A. and Allen, T. and Diamantakis,
    M. and Gross, M. and Melvin, T. and Smith, C. and Vosper, S. and
    Zerroukat, M. and Thuburn, J.},
    Title={An inherently mass-conserving semi-implicit semi-{L}agrangian discretization
    of the deep-atmosphere global non-hydrostatic equations},
    Journal={Q. J. Roy. Meteor. Soc.},
    Volume={140},
    Pages={1505-1520},
    Year = {2013}}

@techreport{YessadWedi2011,
       Title={The hydrostatic and nonhydrostatic global model {I}{F}{S}/{A}{R}{P}{E}{G}{E}: deep-layer model formulation and testing},
       Author={Yessad, K. and Wedi, N. P},
       Year={2011},
       Institution={European Centre for Medium-Range Weather Forecasts}}

@article{ZaenglEtAl2015,
    Title={The {I}{C}{O}{N} ({I}{C}{O}sahedral {N}on-hydrostatic) modelling framework of {D}{W}{D} and {M}{P}{I}-{M}: Description of the non-hydrostatic dynamical core},
    Author={Z{\"a}ngl, G. and Reinert, D. and R{\'\i}podas, P. and Baldauf, M.},
    Journal={Q. J. Roy. Meteor. Soc.},
    Volume={141},
    Number={687},
    Pages={563--579},
    Year={2015}}

