%% This BibTeX bibliography file was created using BibDesk.
%% http://bibdesk.sourceforge.net/


%% Created for Klein, Rupert at 2018-09-12 08:41:40 +0200 


%% Saved with string encoding Unicode (UTF-8) 



@article{KleinEtAl2010,
	Author = {R. Klein and U. Achatz and D. Bresch and O. M. Knio and P. K. Smolarkiewicz},
	Date-Added = {2018-09-12 06:41:38 +0000},
	Date-Modified = {2018-09-12 06:41:38 +0000},
	Journal = {J. Atmos. Sci.},
	Pages = {3226--3237},
	Title = {Regime of {V}alidity of {S}ound-{P}roof {A}tmospheric {F}low {M}odels},
	Volume = {67},
	Year = {2010},
	Bdsk-File-1 = {YnBsaXN0MDDUAQIDBAUGJCVYJHZlcnNpb25YJG9iamVjdHNZJGFyY2hpdmVyVCR0b3ASAAGGoKgHCBMUFRYaIVUkbnVsbNMJCgsMDxJXTlMua2V5c1pOUy5vYmplY3RzViRjbGFzc6INDoACgAOiEBGABIAFgAdccmVsYXRpdmVQYXRoWWFsaWFzRGF0YV8QYi4uLy4uLy4uLy4uL1RleHRzL015UGFwZXJzL0F0bW9zcGhlcmUvMjAxMF9Tb3VuZHByb29mTW9kZWxSZWdpbWVzL0tsZWluRXRBbF8yMDEwX0pBUzM0OTBfZmluYWwucGRm0hcLGBlXTlMuZGF0YU8RAlgAAAAAAlgAAgAADE1hY2ludG9zaCBIRAAAAAAAAAAAAAAAAAAAAM+T1VtIKwAAABaAdB9LbGVpbkV0QWxfMjAxMF9KQVMzIzI0OTM2MTUucGRmAAAAAAAAAAAAAAAAAAAAAAAAAAAAAAAAAAAAAAAAAAACSTYVyQMIOAAAAAAAAAAAAAQABQAACSAAAAAAAAAAAAAAAAAAAAAbMjAxMF9Tb3VuZHByb29mTW9kZWxSZWdpbWVzAAAQAAgAAM+TuTsAAAARAAgAAMkC+igAAAABABwAFoB0ABZ/uAAWfuIAFk5oAAxn6gAMZ+kAAmclAAIAgE1hY2ludG9zaCBIRDpVc2VyczoAcnVwZXJ0OgBEb2N1bWVudHM6AFRleHRzOgBNeVBhcGVyczoAQXRtb3NwaGVyZToAMjAxMF9Tb3VuZHByb29mTW9kZWxSZWdpbWVzOgBLbGVpbkV0QWxfMjAxMF9KQVMzIzI0OTM2MTUucGRmAA4AQgAgAEsAbABlAGkAbgBFAHQAQQBsAF8AMgAwADEAMABfAEoAQQBTADMANAA5ADAAXwBmAGkAbgBhAGwALgBwAGQAZgAPABoADABNAGEAYwBpAG4AdABvAHMAaAAgAEgARAASAG1Vc2Vycy9ydXBlcnQvRG9jdW1lbnRzL1RleHRzL015UGFwZXJzL0F0bW9zcGhlcmUvMjAxMF9Tb3VuZHByb29mTW9kZWxSZWdpbWVzL0tsZWluRXRBbF8yMDEwX0pBUzM0OTBfZmluYWwucGRmAAATAAEvAAAVAAIADf//AACABtIbHB0eWiRjbGFzc25hbWVYJGNsYXNzZXNdTlNNdXRhYmxlRGF0YaMdHyBWTlNEYXRhWE5TT2JqZWN00hscIiNcTlNEaWN0aW9uYXJ5oiIgXxAPTlNLZXllZEFyY2hpdmVy0SYnVHJvb3SAAQAIABEAGgAjAC0AMgA3AEAARgBNAFUAYABnAGoAbABuAHEAcwB1AHcAhACOAPMA+AEAA1wDXgNjA24DdwOFA4kDkAOZA54DqwOuA8ADwwPIAAAAAAAAAgEAAAAAAAAAKAAAAAAAAAAAAAAAAAAAA8o=}}

@article{SmolarkiewiczMPDATA2006,
	Author = {P. K. Smolarkiewicz},
	Date-Added = {2018-09-12 06:23:29 +0000},
	Date-Modified = {2018-09-12 06:23:29 +0000},
	Journal = {Int. J. for Num. Meth. in Fluids},
	Pages = {1123--1144},
	Title = {Multidimensional positive definite advection transport algorithm: an overview},
	Volume = {50},
	Year = {2006}}

@article{Sweby1984,
	Author = {P. K. Sweby},
	Date-Added = {2018-09-10 08:44:48 +0000},
	Date-Modified = {2018-09-10 08:44:48 +0000},
	Journal = {SIAM J. Numer. Anal.},
	Pages = {995--1011},
	Title = {High Resolution Schemes Using Flux Limiters for Hyperbolic Conservation Laws},
	Volume = 21,
	Year = 1984}

@article{SmolarkiewiczMargolin1997,
	Author = {P. K. Smolarkiewicz and L. G. Margolin},
	Date-Added = {2018-09-06 13:05:41 +0000},
	Date-Modified = {2018-09-06 13:05:41 +0000},
	Journal = {Atmosphere-Ocean Special},
	Pages = {127-157},
	Title = {On Forward-in-Time Differencing for Fluids: An Eulerian/Semi-Lagrangian non-Hydrostatic Model for Stratified Flows},
	Volume = {35},
	Year = {1997}}

@article{PrusaEtAl2008,
	Author = {J. M. Prusa and P. K. Smolarkiewicz and A. A. Wyszogrodzki},
	Date-Added = {2018-09-06 12:34:01 +0000},
	Date-Modified = {2018-09-06 12:35:32 +0000},
	Journal = {Comput. \& Fluids},
	Pages = {1193--1207},
	Title = {EULAG, a computational model for multiscale flows},
	Volume = {37},
	Year = {2008}}

@article{Durran1989,
	Author = {D. R. Durran},
	Date-Added = {2016-08-25 09:33:03 +0000},
	Date-Modified = {2016-08-25 09:33:03 +0000},
	Journal = {Journal of Atmosphere Sciences},
	Pages = {1453--1461},
	Title = {Improving the anelastic approximation},
	Volume = {46},
	Year = {1989},
	Bdsk-File-1 = {YnBsaXN0MDDUAQIDBAUGJCVYJHZlcnNpb25YJG9iamVjdHNZJGFyY2hpdmVyVCR0b3ASAAGGoKgHCBMUFRYaIVUkbnVsbNMJCgsMDxJXTlMua2V5c1pOUy5vYmplY3RzViRjbGFzc6INDoACgAOiEBGABIAFgAdccmVsYXRpdmVQYXRoWWFsaWFzRGF0YV8QPS4uL0xpdGVyYXR1cmUgRG93bmxvYWRzL1Blb3BsZS9EYWxlIER1cnJhbi9EYWxlRHVycmFuMTk4OS5wZGbSFwsYGVdOUy5kYXRhTxEB/gAAAAAB/gACAAAMTWFjaW50b3NoIEhEAAAAAAAAAAAAAAAAAAAAw+NgvUgrAAAAEBAOEkRhbGVEdXJyYW4xOTg5LnBkZgAAAAAAAAAAAAAAAAAAAAAAAAAAAAAAAAAAAAAAAAAAAAAAAAAAAAAAAAAAAAC5ITu+PVOPUERGIENBUk8AAQAEAAAJIAAAAAAAAAAAAAAAAAAAAAtEYWxlIER1cnJhbgAAEAAIAADD41KtAAAAEQAIAAC+PUV/AAAAAQAcABAQDgAQD04AEA65AA/toQAKse4ACq/DAAB63AACAGlNYWNpbnRvc2ggSEQ6VXNlcnM6AHdvcms6AERvY3VtZW50czoAVGV4dHM6AExpdGVyYXR1cmUgRG93bmxvYWRzOgBQZW9wbGU6AERhbGUgRHVycmFuOgBEYWxlRHVycmFuMTk4OS5wZGYAAA4AJgASAEQAYQBsAGUARAB1AHIAcgBhAG4AMQA5ADgAOQAuAHAAZABmAA8AGgAMAE0AYQBjAGkAbgB0AG8AcwBoACAASABEABIAVVVzZXJzL3dvcmsvRG9jdW1lbnRzL1RleHRzL0xpdGVyYXR1cmUgRG93bmxvYWRzL1Blb3BsZS9EYWxlIER1cnJhbi9EYWxlRHVycmFuMTk4OS5wZGYAABMAAS8AABUAAgAL//8AAIAG0hscHR5aJGNsYXNzbmFtZVgkY2xhc3Nlc11OU011dGFibGVEYXRhox0fIFZOU0RhdGFYTlNPYmplY3TSGxwiI1xOU0RpY3Rpb25hcnmiIiBfEA9OU0tleWVkQXJjaGl2ZXLRJidUcm9vdIABAAgAEQAaACMALQAyADcAQABGAE0AVQBgAGcAagBsAG4AcQBzAHUAdwCEAI4AzgDTANsC3QLfAuQC7wL4AwYDCgMRAxoDHwMsAy8DQQNEA0kAAAAAAAACAQAAAAAAAAAoAAAAAAAAAAAAAAAAAAADSw==}}

@phdthesis{Benacchio2014,
	Author = {Benacchio, T.},
	Note = {[Available at: \texttt{http://edocs.fu-berlin.de/diss/receive/FUDISS\_thesis\_000000097149}]},
	Owner = {benacchio},
	Pages = {XII+92},
	School = {Freie Universit\"at Berlin},
	Title = {A blended semi-implicit numerical model for weakly compressible atmospheric dynamics},
	Year = {2014}}

@article{BenacchioEtAl2014,
	Author = {T. Benacchio and W. O'Neill and R. Klein},
	Date-Added = {2016-08-25 08:48:03 +0000},
	Date-Modified = {2016-08-25 08:48:03 +0000},
	Journal = {Mon. Wea. Rev.},
	Pages = {4416--4438},
	Title = {A blended soundproof-to-compressible model for atmospheric dynamcis},
	Volume = {142},
	Year = {2014},
	Bdsk-File-1 = {YnBsaXN0MDDUAQIDBAUGJCVYJHZlcnNpb25YJG9iamVjdHNZJGFyY2hpdmVyVCR0b3ASAAGGoKgHCBMUFRYaIVUkbnVsbNMJCgsMDxJXTlMua2V5c1pOUy5vYmplY3RzViRjbGFzc6INDoACgAOiEBGABIAFgAdccmVsYXRpdmVQYXRoWWFsaWFzRGF0YV8QR0FzeW1wdG90aWNzICYgTnVtZXJpY3MvMjAxM19Qc2luY0FuZENvbXByZXNzaWJsZV9NV1IvTVdSLVMtMTMtMDA0NDEucGRm0hcLGBlXTlMuZGF0YU8RAjwAAAAAAjwAAgAADE1hY2ludG9zaCBIRAAAAAAAAAAAAAAAAAAAAMPjYL1IKwAAAc9mWRJNV1ItUy0xMy0wMDQ0MS5wZGYAAAAAAAAAAAAAAAAAAAAAAAAAAAAAAAAAAAAAAAAAAAAAAAAAAAAAAAAAAAAB3X78zqcYdwAAAAAAAAAAAAEABAAACSAAAAAAAAAAAAAAAAAAAAAdMjAxM19Qc2luY0FuZENvbXByZXNzaWJsZV9NV1IAABAACAAAw+NSrQAAABEACAAAzqcKZwAAAAEAHAHPZlkAEDLMABAytAAP7aEACrHuAAqvwwAAetwAAgB/TWFjaW50b3NoIEhEOlVzZXJzOgB3b3JrOgBEb2N1bWVudHM6AFRleHRzOgBNeVBhcGVyczoAQXN5bXB0b3RpY3MgJiBOdW1lcmljczoAMjAxM19Qc2luY0FuZENvbXByZXNzaWJsZV9NV1I6AE1XUi1TLTEzLTAwNDQxLnBkZgAADgAmABIATQBXAFIALQBTAC0AMQAzAC0AMAAwADQANAAxAC4AcABkAGYADwAaAAwATQBhAGMAaQBuAHQAbwBzAGgAIABIAEQAEgBrVXNlcnMvd29yay9Eb2N1bWVudHMvVGV4dHMvTXlQYXBlcnMvQXN5bXB0b3RpY3MgJiBOdW1lcmljcy8yMDEzX1BzaW5jQW5kQ29tcHJlc3NpYmxlX01XUi9NV1ItUy0xMy0wMDQ0MS5wZGYAABMAAS8AABUAAgAL//8AAIAG0hscHR5aJGNsYXNzbmFtZVgkY2xhc3Nlc11OU011dGFibGVEYXRhox0fIFZOU0RhdGFYTlNPYmplY3TSGxwiI1xOU0RpY3Rpb25hcnmiIiBfEA9OU0tleWVkQXJjaGl2ZXLRJidUcm9vdIABAAgAEQAaACMALQAyADcAQABGAE0AVQBgAGcAagBsAG4AcQBzAHUAdwCEAI4A2ADdAOUDJQMnAywDNwNAA04DUgNZA2IDZwN0A3cDiQOMA5EAAAAAAAACAQAAAAAAAAAoAAAAAAAAAAAAAAAAAAADkw==},
	Bdsk-File-2 = {YnBsaXN0MDDUAQIDBAUGJCVYJHZlcnNpb25YJG9iamVjdHNZJGFyY2hpdmVyVCR0b3ASAAGGoKgHCBMUFRYaIVUkbnVsbNMJCgsMDxJXTlMua2V5c1pOUy5vYmplY3RzViRjbGFzc6INDoACgAOiEBGABIAFgAdccmVsYXRpdmVQYXRoWWFsaWFzRGF0YV8QR0FzeW1wdG90aWNzICYgTnVtZXJpY3MvMjAxM19Qc2luY0FuZENvbXByZXNzaWJsZV9NV1IvTVdSLVMtMTMtMDA0NDEucGRm0hcLGBlXTlMuZGF0YU8RAjwAAAAAAjwAAgAADE1hY2ludG9zaCBIRAAAAAAAAAAAAAAAAAAAAMPjYL1IKwAAAc9mWRJNV1ItUy0xMy0wMDQ0MS5wZGYAAAAAAAAAAAAAAAAAAAAAAAAAAAAAAAAAAAAAAAAAAAAAAAAAAAAAAAAAAAAB3X78zqcYdwAAAAAAAAAAAAEABAAACSAAAAAAAAAAAAAAAAAAAAAdMjAxM19Qc2luY0FuZENvbXByZXNzaWJsZV9NV1IAABAACAAAw+NSrQAAABEACAAAzqcKZwAAAAEAHAHPZlkAEDLMABAytAAP7aEACrHuAAqvwwAAetwAAgB/TWFjaW50b3NoIEhEOlVzZXJzOgB3b3JrOgBEb2N1bWVudHM6AFRleHRzOgBNeVBhcGVyczoAQXN5bXB0b3RpY3MgJiBOdW1lcmljczoAMjAxM19Qc2luY0FuZENvbXByZXNzaWJsZV9NV1I6AE1XUi1TLTEzLTAwNDQxLnBkZgAADgAmABIATQBXAFIALQBTAC0AMQAzAC0AMAAwADQANAAxAC4AcABkAGYADwAaAAwATQBhAGMAaQBuAHQAbwBzAGgAIABIAEQAEgBrVXNlcnMvd29yay9Eb2N1bWVudHMvVGV4dHMvTXlQYXBlcnMvQXN5bXB0b3RpY3MgJiBOdW1lcmljcy8yMDEzX1BzaW5jQW5kQ29tcHJlc3NpYmxlX01XUi9NV1ItUy0xMy0wMDQ0MS5wZGYAABMAAS8AABUAAgAL//8AAIAG0hscHR5aJGNsYXNzbmFtZVgkY2xhc3Nlc11OU011dGFibGVEYXRhox0fIFZOU0RhdGFYTlNPYmplY3TSGxwiI1xOU0RpY3Rpb25hcnmiIiBfEA9OU0tleWVkQXJjaGl2ZXLRJidUcm9vdIABAAgAEQAaACMALQAyADcAQABGAE0AVQBgAGcAagBsAG4AcQBzAHUAdwCEAI4A2ADdAOUDJQMnAywDNwNAA04DUgNZA2IDZwN0A3cDiQOMA5EAAAAAAAACAQAAAAAAAAAoAAAAAAAAAAAAAAAAAAADkw==}}

@article{KleinTCFD2009,
	Author = {R. Klein},
	Date-Added = {2016-08-25 08:47:55 +0000},
	Date-Modified = {2016-08-25 08:47:55 +0000},
	Journal = {Theoretical and Computational Fluid Dynamics},
	Pages = {161--195},
	Title = {Asymptotics, {S}tructure, and {I}ntegration of {S}ound-{P}roof {A}tmospheric flow {E}quations},
	Volume = {23},
	Year = {2009}}

@article{SmolarkiewiczEtAl2014,
	Author = {P.K. Smolarkiewicz and C. K{\"u}hnlein and N.P. Wedi},
	Date-Added = {2016-08-25 08:37:40 +0000},
	Date-Modified = {2016-08-25 08:37:40 +0000},
	Journal = {J. Comput. Phys.},
	Owner = {benacchio},
	Pages = {185--205},
	Timestamp = {2013.10.03},
	Title = {A consistent framework for discrete integrations of soundproof and compressible {P}{D}{E}s of atmospheric dynamics},
	Volume = {263},
	Year = {2014},
	Bdsk-Url-1 = {http://dx.doi.org/10.1016/j.jcp.2014.01.031}}

@article{SmolarkiewiczMargolin1998,
	Author = {P. K. Smolarkiewicz and L. G. Margolin},
	Date-Added = {2016-08-25 08:25:52 +0000},
	Date-Modified = {2016-08-25 08:25:52 +0000},
	Journal = {J. Comp. Phys.},
	Pages = {459-480},
	Title = {MPDATA: A finite-difference solver for geophysical flows},
	Volume = {140},
	Year = {1998},
	Bdsk-File-1 = {YnBsaXN0MDDUAQIDBAUGJCVYJHZlcnNpb25YJG9iamVjdHNZJGFyY2hpdmVyVCR0b3ASAAGGoKgHCBMUFRYaIVUkbnVsbNMJCgsMDxJXTlMua2V5c1pOUy5vYmplY3RzViRjbGFzc6INDoACgAOiEBGABIAFgAdccmVsYXRpdmVQYXRoWWFsaWFzRGF0YV8QZC4uL0xpdGVyYXR1cmUgRG93bmxvYWRzL1Blb3BsZS9QaW90ciBTbW9sYXJraWV3aWN6L1Ntb2xhcmtpZXdpY3pNYXJnb2xpbjE5OThfTVBEQVRBcmV2aWV3LkpDUDE0MC5wZGbSFwsYGVdOUy5kYXRhTxECfgAAAAACfgACAAAMTWFjaW50b3NoIEhEAAAAAAAAAAAAAAAAAAAAw+NgvUgrAAAAEBGeH1Ntb2xhcmtpZXdpY3pNYXJnb2wjMUUxNEZGMC5wZGYAAAAAAAAAAAAAAAAAAAAAAAAAAAAAAAAAAAAAAAAAAAHhT/DOvEadAAAAAAAAAAAAAQAEAAAJIAAAAAAAAAAAAAAAAAAAABNQaW90ciBTbW9sYXJraWV3aWN6AAAQAAgAAMPjUq0AAAARAAgAAM68OI0AAAABABwAEBGeABAPTgAQDrkAD+2hAAqx7gAKr8MAAHrcAAIAfk1hY2ludG9zaCBIRDpVc2VyczoAd29yazoARG9jdW1lbnRzOgBUZXh0czoATGl0ZXJhdHVyZSBEb3dubG9hZHM6AFBlb3BsZToAUGlvdHIgU21vbGFya2lld2ljejoAU21vbGFya2lld2ljek1hcmdvbCMxRTE0RkYwLnBkZgAOAGQAMQBTAG0AbwBsAGEAcgBrAGkAZQB3AGkAYwB6AE0AYQByAGcAbwBsAGkAbgAxADkAOQA4AF8ATQBQAEQAQQBUAEEAcgBlAHYAaQBlAHcALgBKAEMAUAAxADQAMAAuAHAAZABmAA8AGgAMAE0AYQBjAGkAbgB0AG8AcwBoACAASABEABIAfFVzZXJzL3dvcmsvRG9jdW1lbnRzL1RleHRzL0xpdGVyYXR1cmUgRG93bmxvYWRzL1Blb3BsZS9QaW90ciBTbW9sYXJraWV3aWN6L1Ntb2xhcmtpZXdpY3pNYXJnb2xpbjE5OThfTVBEQVRBcmV2aWV3LkpDUDE0MC5wZGYAEwABLwAAFQACAAv//wAAgAbSGxwdHlokY2xhc3NuYW1lWCRjbGFzc2VzXU5TTXV0YWJsZURhdGGjHR8gVk5TRGF0YVhOU09iamVjdNIbHCIjXE5TRGljdGlvbmFyeaIiIF8QD05TS2V5ZWRBcmNoaXZlctEmJ1Ryb290gAEACAARABoAIwAtADIANwBAAEYATQBVAGAAZwBqAGwAbgBxAHMAdQB3AIQAjgD1APoBAgOEA4YDiwOWA58DrQOxA7gDwQPGA9MD1gPoA+sD8AAAAAAAAAIBAAAAAAAAACgAAAAAAAAAAAAAAAAAAAPy}}
